<?xml version="1.0" encoding="UTF-8" standalone="no"?>
<searchRetrieveResponse
        xmlns="http://www.loc.gov/zing/srw/">
  <version>1.2</version>
  <numberOfRecords>1</numberOfRecords>
  <records>
    <record>
      <recordSchema>marcxml</recordSchema>
      <recordPacking>xml</recordPacking>
      <recordData>
        <record
                xmlns="http://www.loc.gov/MARC21/slim">
          <leader>02281cam a2200529 i 4500</leader>
          <controlfield tag="001">994689523503681</controlfield>
          <controlfield tag="005">20220607190203.0</controlfield>
          <controlfield tag="008">800924t19791979nju      b    001 0 eng^^</controlfield>
          <datafield ind1=" " ind2=" " tag="010">
            <subfield code="a">79084013</subfield>
          </datafield>
          <datafield ind1=" " ind2=" " tag="020">
            <subfield code="a">0691072361 :</subfield>
            <subfield code="c">$20.00</subfield>
          </datafield>
          <datafield ind1=" " ind2=" " tag="035">
            <subfield code="a">(OCoLC)ocm05886457</subfield>
          </datafield>
          <datafield ind1=" " ind2=" " tag="035">
            <subfield code="a">(OCoLC)5886457</subfield>
          </datafield>
          <datafield ind1=" " ind2=" " tag="035">
            <subfield code="a">(CStRLIN)PAUG18598838-B</subfield>
          </datafield>
          <datafield ind1=" " ind2=" " tag="035">
            <subfield code="a">(CaOTULAS)107679944</subfield>
          </datafield>
          <datafield ind1=" " ind2=" " tag="035">
            <subfield code="9">ACJ2162</subfield>
          </datafield>
          <datafield ind1=" " ind2=" " tag="035">
            <subfield code="a">468952</subfield>
          </datafield>
          <datafield ind1=" " ind2=" " tag="035">
            <subfield code="a">(PU)468952-penndb-Voyager</subfield>
          </datafield>
          <datafield ind1="0" ind2=" " tag="050">
            <subfield code="a">B53</subfield>
            <subfield code="b">.R68</subfield>
          </datafield>
          <datafield ind1=" " ind2=" " tag="082">
            <subfield code="a">190</subfield>
          </datafield>
          <datafield ind1=" " ind2=" " tag="090">
            <subfield code="a">B53</subfield>
            <subfield code="b">.R68</subfield>
            <subfield code="i">09/29/81 CT</subfield>
            <subfield code="h">09/24/80 CT</subfield>
          </datafield>
          <datafield ind1="1" ind2=" " tag="100">
            <subfield code="a">Rorty, Richard.</subfield>
            <subfield code="0">http://id.loc.gov/authorities/names/n79063821</subfield>
          </datafield>
          <datafield ind1="1" ind2="0" tag="245">
            <subfield code="a">Philosophy and the mirror of nature /</subfield>
            <subfield code="c">Richard Rorty.</subfield>
          </datafield>
          <datafield ind1=" " ind2="1" tag="264">
            <subfield code="a">Princeton :</subfield>
            <subfield code="b">Princeton University Press,</subfield>
            <subfield code="c">[1979]</subfield>
          </datafield>
          <datafield ind1=" " ind2="4" tag="264">
            <subfield code="c">©1979</subfield>
          </datafield>
          <datafield ind1=" " ind2=" " tag="300">
            <subfield code="a">xv, 401 pages ;</subfield>
            <subfield code="c">22 cm</subfield>
          </datafield>
          <datafield ind1=" " ind2=" " tag="336">
            <subfield code="a">text</subfield>
            <subfield code="b">txt</subfield>
            <subfield code="2">rdacontent</subfield>
          </datafield>
          <datafield ind1=" " ind2=" " tag="337">
            <subfield code="a">unmediated</subfield>
            <subfield code="b">n</subfield>
            <subfield code="2">rdamedia</subfield>
          </datafield>
          <datafield ind1=" " ind2=" " tag="338">
            <subfield code="a">volume</subfield>
            <subfield code="b">nc</subfield>
            <subfield code="2">rdacarrier</subfield>
          </datafield>
          <datafield ind1=" " ind2=" " tag="504">
            <subfield code="a">Includes bibliographical references and index.</subfield>
          </datafield>
          <datafield ind1=" " ind2="0" tag="650">
            <subfield code="a">Philosophy.</subfield>
            <subfield code="0">http://id.loc.gov/authorities/subjects/sh85100849</subfield>
          </datafield>
          <datafield ind1=" " ind2="7" tag="650">
            <subfield code="a">Philosophy.</subfield>
            <subfield code="2">fast</subfield>
            <subfield code="0">http://id.worldcat.org/fast/1060777</subfield>
          </datafield>
          <datafield ind1=" " ind2="0" tag="650">
            <subfield code="a">Philosophy, Modern.</subfield>
            <subfield code="0">http://id.loc.gov/authorities/subjects/sh85100960</subfield>
          </datafield>
          <datafield ind1=" " ind2="7" tag="650">
            <subfield code="a">Philosophy, Modern.</subfield>
            <subfield code="2">fast</subfield>
            <subfield code="0">http://id.worldcat.org/fast/1061071</subfield>
          </datafield>
          <datafield ind1=" " ind2="0" tag="650">
            <subfield code="a">Mind and body.</subfield>
            <subfield code="0">http://id.loc.gov/authorities/subjects/sh85085488</subfield>
          </datafield>
          <datafield ind1=" " ind2="7" tag="650">
            <subfield code="a">Mind and body.</subfield>
            <subfield code="2">fast</subfield>
            <subfield code="0">http://id.worldcat.org/fast/1021997</subfield>
          </datafield>
          <datafield ind1=" " ind2="0" tag="650">
            <subfield code="a">Representation (Philosophy)</subfield>
            <subfield code="0">http://id.loc.gov/authorities/subjects/sh85112936</subfield>
          </datafield>
          <datafield ind1=" " ind2="7" tag="650">
            <subfield code="a">Representation (Philosophy)</subfield>
            <subfield code="2">fast</subfield>
            <subfield code="0">http://id.worldcat.org/fast/1094927</subfield>
          </datafield>
          <datafield ind1=" " ind2="0" tag="650">
            <subfield code="a">Analysis (Philosophy)</subfield>
            <subfield code="0">http://id.loc.gov/authorities/subjects/sh85004780</subfield>
          </datafield>
          <datafield ind1=" " ind2="7" tag="650">
            <subfield code="a">Analysis (Philosophy)</subfield>
            <subfield code="2">fast</subfield>
            <subfield code="0">http://id.worldcat.org/fast/808323</subfield>
          </datafield>
          <datafield ind1=" " ind2="0" tag="650">
            <subfield code="a">Civilization</subfield>
            <subfield code="x">Philosophy.</subfield>
            <subfield code="0">http://id.loc.gov/authorities/subjects/sh85026429</subfield>
          </datafield>
          <datafield ind1=" " ind2="7" tag="650">
            <subfield code="a">Civilization</subfield>
            <subfield code="x">Philosophy.</subfield>
            <subfield code="2">fast</subfield>
            <subfield code="0">http://id.worldcat.org/fast/862931</subfield>
          </datafield>
          <datafield ind1="2" ind2=" " tag="710">
            <subfield code="a">Potok Collection (University of Pennsylvania)</subfield>
            <subfield code="5">PU</subfield>
          </datafield>
          <datafield ind1=" " ind2=" " tag="902">
            <subfield code="a">MARCIVE 2022</subfield>
          </datafield>
          <datafield ind1=" " ind2=" " tag="948">
            <subfield code="a">repl,citm:msf</subfield>
          </datafield>
          <datafield ind1=" " ind2=" " tag="950">
            <subfield code="l">VPL</subfield>
            <subfield code="i">09/29/81 C</subfield>
            <subfield code="h">09/24/80 C</subfield>
          </datafield>
          <datafield ind1=" " ind2=" " tag="955">
            <subfield code="l">VPL</subfield>
            <subfield code="c">1</subfield>
            <subfield code="q">E62809</subfield>
            <subfield code="r">[00455 4809]</subfield>
            <subfield code="h">09/24/80 C</subfield>
          </datafield>
          <datafield ind1=" " ind2=" " tag="955">
            <subfield code="l">VPL</subfield>
            <subfield code="c">2</subfield>
            <subfield code="q">E79565</subfield>
            <subfield code="r">[00553 4511]</subfield>
            <subfield code="s">1980 pr.</subfield>
            <subfield code="i">09/29/81 C</subfield>
          </datafield>
          <datafield ind1=" " ind2=" " tag="AVA">
            <subfield code="0">994689523503681</subfield>
            <subfield code="8">22348375290003681</subfield>
            <subfield code="a">01UPENN_INST</subfield>
            <subfield code="b">KatzLib</subfield>
            <subfield code="c">Stacks</subfield>
            <subfield code="d">B53 .R68</subfield>
            <subfield code="e">available</subfield>
            <subfield code="f">1</subfield>
            <subfield code="g">0</subfield>
            <subfield code="j">cjs</subfield>
            <subfield code="k">0</subfield>
            <subfield code="p">1</subfield>
            <subfield code="q">Library at the Katz Center</subfield>
          </datafield>
          <datafield ind1=" " ind2=" " tag="AVA">
            <subfield code="0">994689523503681</subfield>
            <subfield code="8">22348375330003681</subfield>
            <subfield code="a">01UPENN_INST</subfield>
            <subfield code="b">Libra</subfield>
            <subfield code="c">LIBRA</subfield>
            <subfield code="d">B53 .R68</subfield>
            <subfield code="e">available</subfield>
            <subfield code="f">1</subfield>
            <subfield code="g">0</subfield>
            <subfield code="j">stor</subfield>
            <subfield code="k">0</subfield>
            <subfield code="p">2</subfield>
            <subfield code="q">LIBRA</subfield>
          </datafield>
        </record>
      </recordData>
      <recordIdentifier>994689523503681</recordIdentifier>
      <recordPosition>1</recordPosition>
    </record>
  </records>
  <extraResponseData
          xmlns:xb="http://www.exlibris.com/repository/search/xmlbeans/">
    <xb:exact>true</xb:exact>
    <xb:responseDate>2025-06-20T16:12:25-0400</xb:responseDate>
  </extraResponseData>
</searchRetrieveResponse>
